@misc{dutta2023musequbes,
      title={MUSEQuBES: Mapping the distribution of neutral hydrogen around low-redshift galaxies}, 
      author={Sayak Dutta and Sowgat Muzahid and Joop Schaye and Sapna Mishra and Hsiao-Wen Chen and Sean Johnson and Lutz Wisotzki and Sebastiano Cantalupo},
      year={2023},
      eprint={2303.16933},
      archivePrefix={arXiv},
      primaryClass={astro-ph.GA}
}

@ARTICLE{2021MNRAS.501.4888V,
       author = {{van de Voort}, Freeke and {Bieri}, Rebekka and {Pakmor}, R{\"u}diger and {G{\'o}mez}, Facundo A. and {Grand}, Robert J.~J. and {Marinacci}, Federico},
        title = "{The effect of magnetic fields on properties of the circumgalactic medium}",
      journal = {\mnras},
     keywords = {MHD, methods: numerical, galaxies: formation, galaxies: haloes, intergalactic medium, galaxies: magnetic fields, Astrophysics - Astrophysics of Galaxies},
         year = 2021,
        month = mar,
       volume = {501},
       number = {4},
        pages = {4888-4902},
          doi = {10.1093/mnras/staa3938},
archivePrefix = {arXiv},
       eprint = {2008.07537},
 primaryClass = {astro-ph.GA},
       adsurl = {https://ui.adsabs.harvard.edu/abs/2021MNRAS.501.4888V},
      adsnote = {Provided by the SAO/NASA Astrophysics Data System}
}

@ARTICLE{2010AJ....139.2097P,
       author = {{Peng}, Chien Y. and {Ho}, Luis C. and {Impey}, Chris D. and {Rix}, Hans-Walter},
        title = "{Detailed Decomposition of Galaxy Images. II. Beyond Axisymmetric Models}",
      journal = {\aj},
     keywords = {galaxies: bulges, galaxies: fundamental parameters, galaxies: structure, techniques: image processing, techniques: photometric, Astrophysics - Cosmology and Nongalactic Astrophysics},
         year = 2010,
        month = jun,
       volume = {139},
       number = {6},
        pages = {2097-2129},
          doi = {10.1088/0004-6256/139/6/2097},
archivePrefix = {arXiv},
       eprint = {0912.0731},
 primaryClass = {astro-ph.CO},
       adsurl = {https://ui.adsabs.harvard.edu/abs/2010AJ....139.2097P},
      adsnote = {Provided by the SAO/NASA Astrophysics Data System}
}

